@inproceedings{Provot1995:17,
 author = {Xavier Provot},
 title = {Deformation Constraints in a Mass-Spring Model to Describe Rigid Cloth Behaviour},
 booktitle = {Proceedings of Graphics Interface '95},
 series = {GI '95},
 year = {1995},
 isbn = {0-9695338-4-5},
 issn = {0713-5424},
 location = {Quebec, Quebec, Canada},
 pages = {147--154},
 numpages = {8},
 url = {http://graphicsinterface.org/wp-content/uploads/gi1995-17.pdf},
 publisher = {Canadian Human-Computer Communications Society},
 address = {Toronto, Ontario, Canada},
}

@inproceedings{interanim,
author = {Desbrun, Mathieu and Schr\"{o}der, Peter and Barr, Alan},
title = {Interactive animation of structured deformable objects},
year = {1999},
isbn = {1558606327},
publisher = {Morgan Kaufmann Publishers Inc.},
address = {San Francisco, CA, USA},
booktitle = {Proceedings of the 1999 Conference on Graphics Interface '99},
pages = {1–8},
numpages = {8},
location = {Kingston, Ontario, Canada}
}

@inproceedings{largesteps,
author = {Baraff, David and Witkin, Andrew},
title = {Large steps in cloth simulation},
year = {1998},
isbn = {0897919998},
publisher = {Association for Computing Machinery},
address = {New York, NY, USA},
url = {https://doi.org/10.1145/280814.280821},
doi = {10.1145/280814.280821},
booktitle = {Proceedings of the 25th Annual Conference on Computer Graphics and Interactive Techniques},
pages = {43–54},
numpages = {12},
keywords = {simulation, physically-based modeling, implicit integration, constraints, cloth},
series = {SIGGRAPH '98}
}

@misc{HaubnaCloth, title={ Minecraft Cloth Physics - Physics Mod Pro Version }, url={https://www.youtube.com/watch?v=9eapNwKztkM}, journal={YouTube}, publisher={YouTube}, author={Haubna}, note={Available at https://www.youtube.com/watch?v=9eapNwKztkM}} 

@misc{HaubnaPhysics, title={Minecraft Physics Mod}, url={https://minecraftphysicsmod.com}, abstractNote={Minecraft Mod that adds realistic physics to the game. Available at https://minecraftphysicsmod.com}, journal={Minecraft Physics Mod}, author={Haubna}, language={en-US}}

@misc{Falkreon, title={Scarves - Minecraft Mod}, url={https://modrinth.com/mod/scarves}, abstractNote={Comfortable dynamic simulated cloth trinkets. Available at https://modrinth.com/mod/scarves}, journal={Modrinth}, author={Falkreon}, language={en-US} }

@misc{Dryym, title={Dryym's Malenia Model}, url={https://www.reddit.com/r/Eldenring/comments/1jmo3gg/a_friend_of_mine_wanted_a_custom_minecraft/}, author={Dryym}, language={en-US}, note={Available at https://www.reddit.com/r/Eldenring/comments/1jmo3gg/ a{\_}friend{\_}of{\_}mine{\_}wanted{\_}a{\_}custom{\_}minecraft/. The image included was sent to me directly with permission to use.}}

